@article{bach2005probabilistic,
  title={A probabilistic interpretation of canonical correlation analysis},
  author={Bach, Francis R and Jordan, Michael I},
  year={2005},
  publisher={Citeseer}
}

@article{beck2003mirror,
  title={Mirror descent and nonlinear projected subgradient methods for convex optimization},
  author={Beck, Amir and Teboulle, Marc},
  journal={Operations Research Letters},
  volume={31},
  number={3},
  pages={167--175},
  year={2003},
  publisher={Elsevier}
}

@article{bubeck2015convex,
  title={Convex optimization: Algorithms and complexity},
  author={Bubeck, S{\'e}bastien and others},
  journal={Foundations and Trends{\textregistered} in Machine Learning},
  volume={8},
  number={3-4},
  pages={231--357},
  year={2015},
  publisher={Now Publishers, Inc.}
}

@inproceedings{duchi2010composite,
  title={Composite Objective Mirror Descent.},
  author={Duchi, John C and Shalev-Shwartz, Shai and Singer, Yoram and Tewari, Ambuj},
  booktitle={COLT},
  pages={14--26},
  year={2010},
  organization={Citeseer}
}

@article{duchi2011adaptive,
  title={Adaptive subgradient methods for online learning and stochastic optimization},
  author={Duchi, John and Hazan, Elad and Singer, Yoram},
  journal={The Journal of Machine Learning Research},
  volume={12},
  pages={2121--2159},
  year={2011},
  publisher={JMLR. org}
}

@article{ge2016efficient,
  title={Efficient Algorithms for Large-scale Generalized Eigenvector Computation and Canonical Correlation Analysis},
  author={Ge, Rong and Jin, Chi and Kakade, Sham M and Netrapalli, Praneeth and Sidford, Aaron},
  journal={arXiv preprint arXiv:1604.03930},
  year={2016}
}

@book{golub1995canonical,
  title={The canonical correlations of matrix pairs and their numerical computation},
  author={Golub, Gene H and Zha, Hongyuan},
  year={1995},
  publisher={Springer}
}

@article{hotelling1936relations,
  title={Relations between two sets of variates},
  author={Hotelling, Harold},
  journal={Biometrika},
  volume={28},
  number={3/4},
  pages={321--377},
  year={1936},
  publisher={JSTOR}
}

@article{ma2015finding,
  title={Finding linear structure in large datasets with scalable canonical correlation analysis},
  author={Ma, Zhuang and Lu, Yichao and Foster, Dean},
  journal={arXiv preprint arXiv:1506.08170},
  year={2015}
}

@article{martens2014new,
  title={New insights and perspectives on the natural gradient method},
  author={Martens, James},
  journal={arXiv preprint arXiv:1412.1193},
  year={2014}
}

@article{parikh2014proximal,
  title={Proximal Algorithms.},
  author={Parikh, Neal and Boyd, Stephen P and others},
  journal={Foundations and Trends in optimization},
  volume={1},
  number={3},
  pages={127--239},
  year={2014}
}

@article{shalev2011stochastic,
  title={Stochastic methods for l 1-regularized loss minimization},
  author={Shalev-Shwartz, Shai and Tewari, Ambuj},
  journal={The Journal of Machine Learning Research},
  volume={12},
  pages={1865--1892},
  year={2011},
  publisher={JMLR. org}
}

@inproceedings{sutskever2013importance,
  title={On the importance of initialization and momentum in deep learning},
  author={Sutskever, Ilya and Martens, James and Dahl, George and Hinton, Geoffrey},
  booktitle={Proceedings of the 30th international conference on machine learning (ICML-13)},
  pages={1139--1147},
  year={2013}
}

@article{tan2016sparse,
  title={Sparse Generalized Eigenvalue Problem: Optimal Statistical Rates via Truncated Rayleigh Flow},
  author={Tan, Kean Ming and Wang, Zhaoran and Liu, Han and Zhang, Tong},
  journal={arXiv preprint arXiv:1604.08697},
  year={2016}
}

@article{wang2015stochastic,
  title={Stochastic optimization for deep cca via nonlinear orthogonal iterations},
  author={Wang, Weiran and Arora, Raman and Livescu, Karen and Srebro, Nathan},
  journal={arXiv preprint arXiv:1510.02054},
  year={2015}
}
